@article{vanderbeck2011branching,
  title={Branching in branch-and-price: a generic scheme},
  author={Vanderbeck, Fran{\c{c}}ois},
  journal={Mathematical Programming},
  volume={130},
  pages={249--294},
  year={2011},
  publisher={Springer}
}

@article{vanderbeck1996exact,
  title={An exact algorithm for IP column generation},
  author={Vanderbeck, Fran{\c{c}}ois and Wolsey, Laurence A},
  journal={Operations research letters},
  volume={19},
  number={4},
  pages={151--159},
  year={1996},
  publisher={Elsevier}
}

@book{vanderbeck2010reformulation,
  title={Reformulation and decomposition of integer programs},
  author={Vanderbeck, Fran{\c{c}}ois and Wolsey, Laurence A},
  year={2010},
  publisher={Springer}
}

@book{wolsey2014integer,
  title={Integer and combinatorial optimization},
  author={Wolsey, Laurence A and Nemhauser, George L},
  year={2014},
  publisher={John Wiley \& Sons}
}

@inproceedings{pessoa2013out,
  title={In-out separation and column generation stabilization by dual price smoothing},
  author={Pessoa, Artur and Sadykov, Ruslan and Uchoa, Eduardo and Vanderbeck, Francois},
  booktitle={Experimental Algorithms: 12th International Symposium, SEA 2013, Rome, Italy, June 5-7, 2013. Proceedings 12},
  pages={354--365},
  year={2013},
  organization={Springer}
}

@article{pessoa2018automation,
  title={Automation and combination of linear-programming based stabilization techniques in column generation},
  author={Pessoa, Artur and Sadykov, Ruslan and Uchoa, Eduardo and Vanderbeck, Fran{\c{c}}ois},
  journal={INFORMS Journal on Computing},
  volume={30},
  number={2},
  pages={339--360},
  year={2018},
  publisher={INFORMS}
}


@mastersthesis{gamrath2010generic,
  title={Generic branch-cut-and-price},
  author={Gamrath, Gerald},
  year={2010}
}

@article{schmickerath2012experiments,
  title={Experiments on Vanderbeck's generic Branch-and-Price scheme},
  author={Schmickerath, Marcel},
  year={2012}
}

@phdthesis{witt2013separation,
  title={Separation of Generic Cutting Planes in Branch-and-Price},
  author={Witt, Jonas T},
  year={2013},
  school={Master's thesis. RWTH Aachen University}
}

